<record><leader>00000cas a22000007a 4500</leader><controlfield tag="001">42369413</controlfield><controlfield tag="008">990914c19999999miudx n       0   a0eng c</controlfield><datafield ind1=" " ind2=" " tag="010"><subfield code="a">sn 99000071 </subfield></datafield><datafield ind1=" " ind2=" " tag="040"><subfield code="a">NSD</subfield><subfield code="b">eng</subfield><subfield code="c">NSD</subfield><subfield code="d">OCLCQ</subfield></datafield><datafield ind1=" " ind2=" " tag="012"><subfield code="l">y</subfield><subfield code="m">1</subfield></datafield><datafield ind1="1" ind2=" " tag="022"><subfield code="a">1526-7296</subfield><subfield code="y">0745-3655</subfield></datafield><datafield ind1=" " ind2=" " tag="032"><subfield code="a">082500</subfield><subfield code="b">USPS</subfield></datafield><datafield ind1=" " ind2=" " tag="037"><subfield code="b">Cadillac News, 130 N. Mitchell, Cadillac, MI 49601</subfield></datafield><datafield ind1=" " ind2=" " tag="042"><subfield code="a">nsdp</subfield><subfield code="a">pcc</subfield></datafield><datafield ind1=" " ind2="0" tag="222"><subfield code="a">Cadillac news</subfield></datafield><datafield ind1="0" ind2="0" tag="245"><subfield code="a">Cadillac news.</subfield></datafield><datafield ind1=" " ind2=" " tag="260"><subfield code="a">Cadillac, Mich. :</subfield><subfield code="b">Cadillac News</subfield></datafield><datafield ind1=" " ind2=" " tag="300"><subfield code="a">v.</subfield></datafield><datafield ind1=" " ind2=" " tag="310"><subfield code="a">Daily (except Sundays &amp; holidays)</subfield></datafield><datafield ind1="1" ind2=" " tag="362"><subfield code="a">Began in 1999.</subfield></datafield><datafield ind1=" " ind2=" " tag="588"><subfield code="a">Description based on: Aug. 18, 1999; title from caption.</subfield></datafield><datafield ind1="0" ind2="0" tag="780"><subfield code="t">Cadillac evening news</subfield><subfield code="x">0745-3655</subfield><subfield code="w">(DLC)sn 83000702</subfield></datafield></record>